2536 4582
200 214 245 278 18
683 238 707 331 ,Ι

200 407 234 457 ca
251 394 341 455 enim
358 388 433 451 sunt
448 388 583 450 restria
603 392 743 469 punctu
778 382 834 449 vel
855 398 922 449 trec
944 400 1071 463 rectae;
1099 388 1155 451 vel
1167 390 1223 453 dn

203 519 325 589 puncta
342 514 375 562 et
391 514 498 571 recta;
527 499 582 559 vel
606 499 689 559 duae
704 509 809 559 rectae
828 484 861 558 et
876 512 1060 579 punctum
1094 500 1150 561 vel
1167 500 1224 563 duo

203 628 326 700 puncta
351 623 384 672 et
410 607 568 682 circulua;
599 608 655 670 vel
679 608 747 668 duo
771 606 884 667 circuli
908 621 941 668 et
964 620 1153 690 punctum
1180 610 1227 671 vel

205 726 290 787 duae
316 734 421 782 rectae
441 732 475 779 et
499 719 658 791 circulur3
691 717 746 779 vel
765 717 834 779 duo
850 718 963 778 circuli
983 732 1019 779 et
1045 733 1153 793 recta3
1180 738 1217 779 ι

207 840 371 917 punctum
389 844 423 891 et
437 840 525 890 recta
542 842 575 890 et
591 822 750 901 circusua3
772 822 827 889 vel
848 840 914 889 tres
933 824 1057 891 circuli.
1105 830 1160 891 Ho
1266 879 1268 900 ,

106 970 109 975 ·
209 946 277 1005 (luo
299 942 436 1025 quidem
452 940 560 1020 plima
577 936 782 999 Problemata
808 936 1072 999 demonstrantur
1095 940 1134 999 in
1152 932 1230 1014 ln]
1266 951 1268 974 ¹

209 1052 519 1137 quertoprimornm
534 1048 794 1117 Elementorum,
804 1061 843 1107 ut
853 1050 932 1126 (jam
942 1062 1017 1111 ante
1027 1048 1110 1139 tibi)
1121 1042 1201 1131 scrip
1210 1077 1212 1094 t
1266 1031 1268 1086 3

214 1163 300 1226 Nam
315 1166 380 1245 per¹
391 1160 453 1221 tria
469 1159 543 1220 data
557 1171 694 1240 puncta,
730 1174 813 1240 quae
835 1176 902 1220 non
925 1158 1038 1219 sintin
1056 1158 1179 1221 eadem
1189 1158 1230 1221 r'c·

212 1288 281 1347 cta,
305 1274 423 1334 ducere
448 1268 628 1340 circulum,
658 1268 750 1329 idern
767 1266 811 1328 est
835 1286 870 1330 ac
885 1269 961 1331 dato
984 1269 1157 1355 triangulo
1179 1268 1237 1363 (ἕξ

128 1414 132 1421 ¹
212 1385 329 1446 culum
358 1378 636 1443 circumscribere:
663 1374 836 1440 Problema
859 1391 971 1440 autern
997 1377 1038 1439 de
1064 1351 1242 1442 triburi&-

215 1496 275 1557 ctis
300 1494 401 1566 datie,
431 1511 499 1553 non
519 1487 697 1572 parallelis,
727 1486 782 1549 sed
807 1490 893 1551 inter
908 1488 941 1551 le
955 1490 1231 1563 concurrentibut,

96 1588 105 1609 ⁸
189 1594 307 1666 linem
326 1601 388 1673 esl,
417 1620 454 1663 ac
468 1602 543 1662 dato
563 1597 728 1683 triangulo
746 1599 907 1661 circulum
921 1598 1120 1663 inscribere:
1150 1598 1233 1663 caluo·

215 1730 297 1775 vero
314 1712 455 1773 duarum
472 1710 713 1793 parallelorum.
745 1709 865 1793 quibus
892 1711 989 1775 tertia
1007 1712 1155 1783 occurrit
1163 1716 1179 1784 ,“
1199 1712 1230 1773 in

215 1824 270 1887 hic
285 1822 451 1905 Apollonii
468 1822 561 1884 librie
590 1834 745 1903 tanquam
765 1840 838 1903 pare
860 1821 1018 1884 secundae
1040 1816 1231 1905 Propositi'

216 1934 270 1997 nie
295 1930 498 2017 particularia
521 1930 658 2012 reliquia
686 1930 919 2021 praemittitur.
954 1970 959 1981 ·
990 1930 1042 1993 Ad
1070 1930 1213 2015 sequen'

218 2034 298 2108 vero
314 2045 404 2127 quod
420 2045 536 2103 attinet
552 2041 772 2111 Problemata,
797 2038 849 2103 sex
866 2045 974 2123 priore
989 2032 1075 2104 libro
1092 2060 1183 2105 com
1210 2085 1213 2090 -

210 2154 423 2215 clrenduntur.
484 2151 625 2231 Reliqua
651 2150 769 2212 deinde
785 2152 877 2223 ¹duo,
914 2153 974 2215 ubi
998 2171 1122 2235 nempe
1148 2155 1188 2215 da
1206 2154 1223 2188 ³

221 2261 297 2323 [unt
315 2264 398 2323 duae
414 2272 519 2321 rectae
538 2274 571 2320 et
589 2260 745 2331 circulus,
765 2260 899 2325 veltres
918 2262 1048 2335 circuli,
1082 2262 1151 2325 sola
1174 2293 1195 2316 ιι
1219 2305 1229 2320 ,

220 2372 370 2433 tinentur
394 2371 478 2430 libro
505 2368 696 2451 posteriore,
726 2370 893 2439 obvariae
916 2374 1117 2435 circulorum
1137 2394 1207 2457 aeq

221 2502 259 2544 ac
276 2495 438 2557 rectarum
454 2482 540 2540 inter
556 2478 587 2540 se
604 2478 788 2562 positiones,
810 2482 996 2567 pluresque,
1018 2484 1142 2567 quibus
1158 2502 1212 2569 op
1231 2517 1233 2522 κ

222 2590 283 2661 est,
315 2590 612 2653 determinationes.
655 2592 762 2653 Dictis
778 2592 830 2655 bie
848 2594 1060 2658 Tactionibue
1077 2614 1241 2681 congenet·

222 2701 269 2763 est
298 2701 379 2763 ordo
416 2700 662 2763 Problematum
689 2703 928 2783 praetermissae
959 2706 998 2768 ab
1028 2706 1233 2771 Editoributr

224 2811 377 2877 nonnulli
392 2830 471 2873 vero
488 2810 617 2873 duobus
634 2811 685 2874 hie
699 2812 790 2874 librie
807 2812 1034 2893 praefixerunt.
1065 2816 1237 2879 Intellecta

224 2926 318 2988 enim
340 2920 466 2994 facilia,
499 2934 533 2983 et
559 2923 662 3005 magis
691 2923 949 2987 introductorius
975 2939 1043 2989 erat
1068 2928 1239 2994 Tractatut

225 3031 301 3103 iste,
332 3046 366 3093 et
381 3035 421 3094 ad
436 3032 567 3115 plenam
580 3022 632 3094 'de
647 3032 858 3097 Tactionibus
875 3036 1057 3099 doctrinam
1076 3037 1248 3127 absolven'·¹
1267 3027 1268 3034 ἵ

226 3140 303 3203 dam
323 3142 466 3204 maxime
490 3143 637 3206 idoneus.
683 3142 803 3207 Omnia
824 3143 934 3208 rursus
961 3136 1026 3211 una
1047 3150 1241 3232 complectar

227 3250 460 3333 Propofitione,
482 3272 564 3332 quae
580 3254 715 3334 quidem
734 3256 945 3335 praecedente
961 3262 1064 3343 magia
1080 3270 1242 3341 contracta

226 3358 270 3422 est
287 3362 393 3441 quoad
415 3362 632 3441 Hypothefin,
667 3363 873 3445 superaddita
894 3372 1005 3428 autem
1028 3366 1071 3428 est
1095 3356 1243 3433 conditio
1266 3359 1268 3371 ’

225 3472 267 3533 ad
283 3469 583 3545 Constructionem,
605 3487 638 3532 et
655 3475 700 3535 ita
719 3474 834 3549 hebet:
859 3476 887 3537 E
903 3481 1050 3559 punctis.
1071 3482 1189 3563 rectis.
1211 3496 1246 3553 at

225 3581 354 3643 circulis
377 3580 460 3643 datis
491 3580 620 3645 duobus
647 3582 896 3669 quibuscunque
921 3585 982 3669 (in
1006 3587 1126 3652 eodem
1148 3592 1257 3677 plano.

223 3692 366 3775 positis),
397 3686 558 3755 circulum
576 3688 753 3759 describere
770 3698 1000 3795 magnitudine
1024 3699 1159 3775 datum,
1189 3701 1252 3787 qui

986 3824 989 3829 .
1190 3830 1258 3897 W
